@BOOK{bib1,
author={Cognoms-autor, Nom},
title={Títol del llibre},
year={Any publicació},
publisher={Editor}, }

@ARTICLE{bib2,
title={Títol de l'article},
author={Cognoms, Nom},
journal={Nom de la revista},
year={Any de publicació},
month={Mes},
volume={Volum},
pages={Pàgina inicial -Pàgina final},
address={Ciutat, País},
}

@INPROCEEDINGS{bib3,
title={{Títol de l'article de congrés}},
author={{Cognoms-autor, Nom}},
booktitle={Nom del congrés},
year={any de publicació},
month={mes},
volume={},
number={},
address={Ciutat, País},
}

@ARTICLE{Gpxpy01,
author={Krajina, T.},
title={Gpxpy. Project description},
year={2012},
url={https://pypi.org/project/gpxpy/},
}

@ARTICLE{Morales01,
author={Morales, A.},
title={Los formatos GIS ráster más populares},
year={2010},
url={http://mappinggis.com/2015/12/los-formatos-gis-raster-mas-populares},
}

@ARTICLE{Docker01,
author={Docker Inc.},
title={Docker docs},
year={2013-2020},
url={https://docs.docker.com},
}

@ARTICLE{Docker02,
author={Fong, J.},
title={Are Containers Replacing Virtual Machines?},
year={2018},
url=https://www.docker.com/blog/containers-replacing-virtual-machines},
}

@ARTICLE{Topografix01,
author={Topografix},
title={GPX: the GPS Exchange Format},
year={2010},
url={https://www.topografix.com/gpx.asp},
}

@ARTICLE{Gpsvisualizer01,
author={Gpsvisualizer},
title={Generating a map from a GPX file, dynamically},
url={https://www.gpsvisualizer.com/examples/google_gpx.html},
}


@ARTICLE{Topografix02,
author={Topografix},
title={GPX1.1 Schema},
year={2010},
url={https://www.topografix.com/GPX/1/1/gpx.xsd},
}

@ARTICLE{ArgGis01,
author={ArcGis},
title={What is raster data?},
url={https://desktop.arcgis.com/es/arcmap/10.3/manage-data/raster-and-images/what-is-raster-data.html},
}

@ARTICLE{Langley01,
title={The Mathematics of GPS},
author={Langley, R. B.},
year={1991},
month={July/August},
volume={2},
pages={45 - 50},
}
%(Langley, R. B., "The Mathematics of GPS," GPS World, Vol. 2, No. 7, July/August 1991, pp. 45-50.).

@ARTICLE{NationalGeographic01,
author={National Geographic},
title={GIS (Geographic Information System)},
url={https://www.nationalgeographic.org/encyclopedia/geographic-information-system-gis},
}


@ARTICLE{Garrido-Villen01,
author={Garrido-Villén, N.},
title={Sistemas GNSS. Introducción a los sistemas de posicionamiento global (4)},
year={2014},
url={https://nagarvil.webs.upv.es/sistemas-gnss-introduccion},
}

@ARTICLE{Ramesh01,
title={Hidden Markov Model Documentation},s
author={Ramesh, R.},
year={2017},
month={August},
}

@BOOK{ElRabbany01,
author={El-Rabbany,A. },
title={Introduction to GPS: The Global Positioning System},
year={2002},
publisher={Artech House Publishers}, 
}
%Introduction to GPS: The Global Positioning System


@BOOK{EPA01,
author={United States Environmental Protection Agency},
title={Geographic information Systems Guidelines document},
year={1988},
}
%United States Environmental Protection Agency, Geographic information Systems Guidelines document.

@ARTICLE{OGC01,
title={OGC® Geography Markup Language (GML) — Extended schemas and encoding rules},
author={Open Geospatial Consortium},
year={2012},
url={http://www.opengis.net/spec/GML/3.3},
}
%(OGC® Geography Markup Language (GML) — Extended schemas and encoding rules)

@ARTICLE{OGC02,
title={KML 2.1 Reference – An OGC Best Practice},
author={Open Geospatial Consortium},
journal={Carl Reed on behalf of Google Earth staff},
year={2007},
}
%(KML 2.1 Reference – An OGC Best Practice)

@ARTICLE{Boeing01,
title={OSMnx: New Methods for Acquiring, Constructing, Analyzing, and Visualizing Complex Street Networks},
author={Boeing, G.},
journal={Computers Environment and Urban Systems},
year={2017},
pages={126 -139},
}
%Boeing, Geoff. (2017). OSMnx: New Methods for Acquiring, Constructing, Analyzing, and Visualizing Complex Street Networks. Computers Environment and Urban Systems. 65. 126-139. 10.1016/j.compenvurbsys.2017.05.004. 

@ARTICLE{Viterbi01,
title={A personal history of the Viterbi algorithm},
author={Viterbi, A.J.},
journal={IEEE},
year={2016},
month={July},
pages={120 -142},
}

@ARTICLE{HMM01,
title={A Hidden Markov Model-Based Map-Matching Approach for Low-Sampling-Rate GPS Trajectories},
author={Yu-Ling H., Ho-Chian C., Wei-Jie H.},
journal={IEEE},
year={2017},
month={November},
pages={120 -142}
}

@article{Mongo01,
title={Advantatges of NoSQL},
url={https://www.mongodb.com/scale/advantages-of-nosql}
}

@ARTICLE{HMM01,
title={A Hidden Markov Model-Based Map-Matching Approach for Low-Sampling-Rate GPS Trajectories},
author={Yu-Ling H., Ho-Chian C., Wei-Jie H.},
journal={IEEE},
year={2017},
month={November},
pages={120 -142}
}


@ARTICLE{Gis01,
author={Movable Type Ltd},
title={GIS FAQ Q5.1: Great circle distance between 2 points},
year={2012},
url={https://www.movable-type.co.uk/scripts/gis-faq-5.1.html},
}

@ARTICLE{Haver01,
title={Virtues of the Haversine},
author={ R.W. Sinnott},
journal={Sky and Telescope},
year={1984},
month={November},
pages={p. 159}
}



@ARTICLE{Sigman01,
author={Karl Sigman},
title={Inverse Transform Method},
year={2010},
url={http://www.columbia.edu/~ks20/4404-Sigman/4404-Notes-ITM.pdf},
}

@BOOK{Booth08,
  AUTHOR =       {Booth, W. C. and Colomb, G. G. and Williams, J. M.},
  TITLE =        {The craft of research},
  PUBLISHER =    {The University of Chicago Press},
  YEAR =         {2008},
  edition =      {Third},
}

@article{Malvar08,
  title={Effective Communication: Tips on Technical Writing},
  author={Malvar, H. S.},
  journal={IEEE Signal Processing Magazine},
  volume={25},
  number={3},
  pages={129-132},
  year={2008},
}

@article{Viterbi01,
  title={A personal history of the Viterbi algorithm},
  author={A.J. Viterbi},
  journal={IEEE Signal Processing Magazine},
  volume={23},
  number={4},
  pages={120-142},
  year={2006},
}

@article{Padgett08,
  title={Effective Communication: Excellence in a Technical Presentation},
  author={Padgett, W. T. and Yoder, M. A.},
  journal={IEEE Signal Processing Magazine},
  volume={25},
  number={2},
  pages={124-127},
  year={2008},
}

@BOOK{Perelman01,
  AUTHOR =       {Leslie C. Perelman and Edward Barrett and James Paradis},
  TITLE =        {Mayfield Handbook of Technical and Scientific Writing},
  PUBLISHER =    {McGraw-Hill},
  YEAR =         {2001},
}

@ARTICLE{Pierson97,
author={Pierson, M. M. and Pierson, B. L.},
journal={IEEE Transactions on Professional Communication},
title={Beginnings and endings: keys to better engineering technical writing},
year={1997},
month={december},
volume={40},
number={4},
pages={299 -304},
}

@BOOK{Valiente96,
  AUTHOR =       {Gabriel Valiente-Feruglio},
  TITLE =        {Composició de textos científics amb \LaTeX},
  PUBLISHER =    {Edicions {UPC}},
  YEAR =         {1996},
}

@ARTICLE{Blair91,
author={G.M.~Blair},
journal={IEEE Engineering Management Journal},
title={Presentation skills for emergent managers},
year={1991},
month={december},
volume={1},
number={6},
pages={249 -255},
}

@ARTICLE{Arcy88,
author={J~D'Arcy},
journal={Procedings of the IEEE Professional Communication Conference},
title={Presentation skills for the technical professional},
year={1988},
month={october},
pages={207 - 209},
}

@ARTICLE{Rice04,
author={R.~Rice, A.~Boysen and L.~Stetler},
journal={Proceedings of the IEEE Professional Communication Conference},
title={Assessing oral presentations and writing skills},
year={2004},
month={october},
pages={147 - 150},
}

@ARTICLE{Wil10,
author={P.~Wilson},
title={The Memoir Class},
year={2010},
url={http://mirror.ctan.org/macros/latex/contrib/memoir/memman.pdf},
}

@ARTICLE{Fea05,
author={S.~Fear},
title={Publication quality tables in {\LaTeX}},
year={2005},
url={http://mirror.ctan.org/macros/latex/contrib/booktabs/booktabs.pdf},
}

@ARTICLE{Wri12,
author={J.~Wright},
title={{\texttt{siunitx}} --- A comprehensive (SI) units package},
year={2012},
url={http://mirror.ctan.org/macros/latex/contrib/siunitx/siunitx.pdf},
}

